@article{benedusi2024scalable,
  title={Scalable approximation and solvers for ionic electrodiffusion in cellular geometries},
  author={Benedusi, Pietro and Ellingsrud, Ada J and Herlyng, Halvor and Rognes, Marie E},
  journal={arXiv preprint arXiv:2403.04491},
  year={2024}
}

@article{ellingsrud2020finite,
  title={Finite element simulation of ionic electrodiffusion in cellular geometries},
  author={Ellingsrud, Ada J and Solbr{\aa}, Andreas and Einevoll, Gaute T and Halnes, Geir and Rognes, Marie E},
  journal={Frontiers in Neuroinformatics},
  volume={14},
  pages={11},
  year={2020},
  publisher={Frontiers}
}

